%YAML 1.1
%TAG !u! tag:unity3d.com,2011:
--- !u!114 &7112844815625520483
MonoBehaviour:
  m_ObjectHideFlags: 0
  m_CorrespondingSourceObject: {fileID: 0}
  m_PrefabInstance: {fileID: 0}
  m_PrefabAsset: {fileID: 0}
  m_GameObject: {fileID: 1740983129322200219}
  m_Enabled: 1
  m_EditorHideFlags: 0
  m_Script: {fileID: 11500000, guid: caf309545b476f649949bf93bf4830d1, type: 3}
  m_Name: 
  m_EditorClassIdentifier: 
  defaultMaterials:
  - {fileID: 2100000, guid: 6199bc158bb0e4c4685c8d1b883e804f, type: 2}
--- !u!114 &7112844816931091168
MonoBehaviour:
  m_ObjectHideFlags: 0
  m_CorrespondingSourceObject: {fileID: 0}
  m_PrefabInstance: {fileID: 0}
  m_PrefabAsset: {fileID: 0}
  m_GameObject: {fileID: 7368064364789147724}
  m_Enabled: 1
  m_EditorHideFlags: 0
  m_Script: {fileID: 11500000, guid: caf309545b476f649949bf93bf4830d1, type: 3}
  m_Name: 
  m_EditorClassIdentifier: 
  defaultMaterials:
  - {fileID: 2100000, guid: 6199bc158bb0e4c4685c8d1b883e804f, type: 2}
--- !u!114 &7112844816374898321
MonoBehaviour:
  m_ObjectHideFlags: 0
  m_CorrespondingSourceObject: {fileID: 0}
  m_PrefabInstance: {fileID: 0}
  m_PrefabAsset: {fileID: 0}
  m_GameObject: {fileID: 5599605925015695559}
  m_Enabled: 1
  m_EditorHideFlags: 0
  m_Script: {fileID: 11500000, guid: caf309545b476f649949bf93bf4830d1, type: 3}
  m_Name: 
  m_EditorClassIdentifier: 
  defaultMaterials:
  - {fileID: 2100000, guid: 6199bc158bb0e4c4685c8d1b883e804f, type: 2}
--- !u!114 &7112844817121480977
MonoBehaviour:
  m_ObjectHideFlags: 0
  m_CorrespondingSourceObject: {fileID: 0}
  m_PrefabInstance: {fileID: 0}
  m_PrefabAsset: {fileID: 0}
  m_GameObject: {fileID: 1334682330822047302}
  m_Enabled: 1
  m_EditorHideFlags: 0
  m_Script: {fileID: 11500000, guid: caf309545b476f649949bf93bf4830d1, type: 3}
  m_Name: 
  m_EditorClassIdentifier: 
  defaultMaterials:
  - {fileID: 2100000, guid: 6199bc158bb0e4c4685c8d1b883e804f, type: 2}
--- !u!114 &7112844817076483117
MonoBehaviour:
  m_ObjectHideFlags: 0
  m_CorrespondingSourceObject: {fileID: 0}
  m_PrefabInstance: {fileID: 0}
  m_PrefabAsset: {fileID: 0}
  m_GameObject: {fileID: 7328886359378967208}
  m_Enabled: 1
  m_EditorHideFlags: 0
  m_Script: {fileID: 11500000, guid: caf309545b476f649949bf93bf4830d1, type: 3}
  m_Name: 
  m_EditorClassIdentifier: 
  defaultMaterials:
  - {fileID: 2100000, guid: 6199bc158bb0e4c4685c8d1b883e804f, type: 2}
--- !u!114 &7112844816369273993
MonoBehaviour:
  m_ObjectHideFlags: 0
  m_CorrespondingSourceObject: {fileID: 0}
  m_PrefabInstance: {fileID: 0}
  m_PrefabAsset: {fileID: 0}
  m_GameObject: {fileID: 5575377450127667096}
  m_Enabled: 1
  m_EditorHideFlags: 0
  m_Script: {fileID: 11500000, guid: caf309545b476f649949bf93bf4830d1, type: 3}
  m_Name: 
  m_EditorClassIdentifier: 
  defaultMaterials:
  - {fileID: 2100000, guid: 6199bc158bb0e4c4685c8d1b883e804f, type: 2}
--- !u!114 &7112844815941722487
MonoBehaviour:
  m_ObjectHideFlags: 0
  m_CorrespondingSourceObject: {fileID: 0}
  m_PrefabInstance: {fileID: 0}
  m_PrefabAsset: {fileID: 0}
  m_GameObject: {fileID: 6285265939121780861}
  m_Enabled: 1
  m_EditorHideFlags: 0
  m_Script: {fileID: 11500000, guid: caf309545b476f649949bf93bf4830d1, type: 3}
  m_Name: 
  m_EditorClassIdentifier: 
  defaultMaterials:
  - {fileID: 2100000, guid: 6199bc158bb0e4c4685c8d1b883e804f, type: 2}
--- !u!114 &7112844815682079110
MonoBehaviour:
  m_ObjectHideFlags: 0
  m_CorrespondingSourceObject: {fileID: 0}
  m_PrefabInstance: {fileID: 0}
  m_PrefabAsset: {fileID: 0}
  m_GameObject: {fileID: 5009910626211890547}
  m_Enabled: 1
  m_EditorHideFlags: 0
  m_Script: {fileID: 11500000, guid: caf309545b476f649949bf93bf4830d1, type: 3}
  m_Name: 
  m_EditorClassIdentifier: 
  defaultMaterials:
  - {fileID: 2100000, guid: 6199bc158bb0e4c4685c8d1b883e804f, type: 2}
--- !u!114 &7112844816187473697
MonoBehaviour:
  m_ObjectHideFlags: 0
  m_CorrespondingSourceObject: {fileID: 0}
  m_PrefabInstance: {fileID: 0}
  m_PrefabAsset: {fileID: 0}
  m_GameObject: {fileID: 4388614003286320269}
  m_Enabled: 1
  m_EditorHideFlags: 0
  m_Script: {fileID: 11500000, guid: caf309545b476f649949bf93bf4830d1, type: 3}
  m_Name: 
  m_EditorClassIdentifier: 
  defaultMaterials:
  - {fileID: 2100000, guid: 6199bc158bb0e4c4685c8d1b883e804f, type: 2}
--- !u!114 &7112844816529309795
MonoBehaviour:
  m_ObjectHideFlags: 0
  m_CorrespondingSourceObject: {fileID: 0}
  m_PrefabInstance: {fileID: 0}
  m_PrefabAsset: {fileID: 0}
  m_GameObject: {fileID: 6661054824876458948}
  m_Enabled: 1
  m_EditorHideFlags: 0
  m_Script: {fileID: 11500000, guid: caf309545b476f649949bf93bf4830d1, type: 3}
  m_Name: 
  m_EditorClassIdentifier: 
  defaultMaterials:
  - {fileID: 2100000, guid: 6199bc158bb0e4c4685c8d1b883e804f, type: 2}
--- !u!114 &7112844815612423947
MonoBehaviour:
  m_ObjectHideFlags: 0
  m_CorrespondingSourceObject: {fileID: 0}
  m_PrefabInstance: {fileID: 0}
  m_PrefabAsset: {fileID: 0}
  m_GameObject: {fileID: 5326885531468933514}
  m_Enabled: 1
  m_EditorHideFlags: 0
  m_Script: {fileID: 11500000, guid: caf309545b476f649949bf93bf4830d1, type: 3}
  m_Name: 
  m_EditorClassIdentifier: 
  defaultMaterials:
  - {fileID: 2100000, guid: 6199bc158bb0e4c4685c8d1b883e804f, type: 2}
--- !u!114 &7112844815243654949
MonoBehaviour:
  m_ObjectHideFlags: 0
  m_CorrespondingSourceObject: {fileID: 0}
  m_PrefabInstance: {fileID: 0}
  m_PrefabAsset: {fileID: 0}
  m_GameObject: {fileID: 6864888217579587581}
  m_Enabled: 1
  m_EditorHideFlags: 0
  m_Script: {fileID: 11500000, guid: caf309545b476f649949bf93bf4830d1, type: 3}
  m_Name: 
  m_EditorClassIdentifier: 
  defaultMaterials:
  - {fileID: 2100000, guid: 6199bc158bb0e4c4685c8d1b883e804f, type: 2}
--- !u!114 &7112844815540342572
MonoBehaviour:
  m_ObjectHideFlags: 0
  m_CorrespondingSourceObject: {fileID: 0}
  m_PrefabInstance: {fileID: 0}
  m_PrefabAsset: {fileID: 0}
  m_GameObject: {fileID: 3269603129042490617}
  m_Enabled: 1
  m_EditorHideFlags: 0
  m_Script: {fileID: 11500000, guid: caf309545b476f649949bf93bf4830d1, type: 3}
  m_Name: 
  m_EditorClassIdentifier: 
  defaultMaterials:
  - {fileID: 2100000, guid: 6199bc158bb0e4c4685c8d1b883e804f, type: 2}
--- !u!114 &7112844815095969820
MonoBehaviour:
  m_ObjectHideFlags: 0
  m_CorrespondingSourceObject: {fileID: 0}
  m_PrefabInstance: {fileID: 0}
  m_PrefabAsset: {fileID: 0}
  m_GameObject: {fileID: 4292608536151627237}
  m_Enabled: 1
  m_EditorHideFlags: 0
  m_Script: {fileID: 11500000, guid: caf309545b476f649949bf93bf4830d1, type: 3}
  m_Name: 
  m_EditorClassIdentifier: 
  defaultMaterials:
  - {fileID: 2100000, guid: 6199bc158bb0e4c4685c8d1b883e804f, type: 2}
--- !u!114 &7112844816798809566
MonoBehaviour:
  m_ObjectHideFlags: 0
  m_CorrespondingSourceObject: {fileID: 0}
  m_PrefabInstance: {fileID: 0}
  m_PrefabAsset: {fileID: 0}
  m_GameObject: {fileID: 3457405890765173912}
  m_Enabled: 1
  m_EditorHideFlags: 0
  m_Script: {fileID: 11500000, guid: caf309545b476f649949bf93bf4830d1, type: 3}
  m_Name: 
  m_EditorClassIdentifier: 
  defaultMaterials:
  - {fileID: 2100000, guid: 6199bc158bb0e4c4685c8d1b883e804f, type: 2}
--- !u!114 &7112844815661011723
MonoBehaviour:
  m_ObjectHideFlags: 0
  m_CorrespondingSourceObject: {fileID: 0}
  m_PrefabInstance: {fileID: 0}
  m_PrefabAsset: {fileID: 0}
  m_GameObject: {fileID: 7818174906299335016}
  m_Enabled: 1
  m_EditorHideFlags: 0
  m_Script: {fileID: 11500000, guid: caf309545b476f649949bf93bf4830d1, type: 3}
  m_Name: 
  m_EditorClassIdentifier: 
  defaultMaterials:
  - {fileID: 2100000, guid: 6199bc158bb0e4c4685c8d1b883e804f, type: 2}
--- !u!114 &7112844815317129745
MonoBehaviour:
  m_ObjectHideFlags: 0
  m_CorrespondingSourceObject: {fileID: 0}
  m_PrefabInstance: {fileID: 0}
  m_PrefabAsset: {fileID: 0}
  m_GameObject: {fileID: 5280891379169966510}
  m_Enabled: 1
  m_EditorHideFlags: 0
  m_Script: {fileID: 11500000, guid: caf309545b476f649949bf93bf4830d1, type: 3}
  m_Name: 
  m_EditorClassIdentifier: 
  defaultMaterials:
  - {fileID: 2100000, guid: 6199bc158bb0e4c4685c8d1b883e804f, type: 2}
--- !u!114 &7112844815711232346
MonoBehaviour:
  m_ObjectHideFlags: 0
  m_CorrespondingSourceObject: {fileID: 0}
  m_PrefabInstance: {fileID: 0}
  m_PrefabAsset: {fileID: 0}
  m_GameObject: {fileID: 3801753900449701310}
  m_Enabled: 1
  m_EditorHideFlags: 0
  m_Script: {fileID: 11500000, guid: caf309545b476f649949bf93bf4830d1, type: 3}
  m_Name: 
  m_EditorClassIdentifier: 
  defaultMaterials:
  - {fileID: 2100000, guid: 6199bc158bb0e4c4685c8d1b883e804f, type: 2}
--- !u!114 &7112844815180424276
MonoBehaviour:
  m_ObjectHideFlags: 0
  m_CorrespondingSourceObject: {fileID: 0}
  m_PrefabInstance: {fileID: 0}
  m_PrefabAsset: {fileID: 0}
  m_GameObject: {fileID: 3154025946981813202}
  m_Enabled: 1
  m_EditorHideFlags: 0
  m_Script: {fileID: 11500000, guid: caf309545b476f649949bf93bf4830d1, type: 3}
  m_Name: 
  m_EditorClassIdentifier: 
  defaultMaterials:
  - {fileID: 2100000, guid: 6199bc158bb0e4c4685c8d1b883e804f, type: 2}
--- !u!114 &7112844815351408109
MonoBehaviour:
  m_ObjectHideFlags: 0
  m_CorrespondingSourceObject: {fileID: 0}
  m_PrefabInstance: {fileID: 0}
  m_PrefabAsset: {fileID: 0}
  m_GameObject: {fileID: 3247737716088143445}
  m_Enabled: 1
  m_EditorHideFlags: 0
  m_Script: {fileID: 11500000, guid: caf309545b476f649949bf93bf4830d1, type: 3}
  m_Name: 
  m_EditorClassIdentifier: 
  defaultMaterials:
  - {fileID: 2100000, guid: 6199bc158bb0e4c4685c8d1b883e804f, type: 2}
--- !u!114 &7112844816982044980
MonoBehaviour:
  m_ObjectHideFlags: 0
  m_CorrespondingSourceObject: {fileID: 0}
  m_PrefabInstance: {fileID: 0}
  m_PrefabAsset: {fileID: 0}
  m_GameObject: {fileID: 1452940758034373207}
  m_Enabled: 1
  m_EditorHideFlags: 0
  m_Script: {fileID: 11500000, guid: caf309545b476f649949bf93bf4830d1, type: 3}
  m_Name: 
  m_EditorClassIdentifier: 
  defaultMaterials:
  - {fileID: 2100000, guid: 6199bc158bb0e4c4685c8d1b883e804f, type: 2}
--- !u!114 &7112844815768600610
MonoBehaviour:
  m_ObjectHideFlags: 0
  m_CorrespondingSourceObject: {fileID: 0}
  m_PrefabInstance: {fileID: 0}
  m_PrefabAsset: {fileID: 0}
  m_GameObject: {fileID: 662493524842906341}
  m_Enabled: 1
  m_EditorHideFlags: 0
  m_Script: {fileID: 11500000, guid: caf309545b476f649949bf93bf4830d1, type: 3}
  m_Name: 
  m_EditorClassIdentifier: 
  defaultMaterials:
  - {fileID: 2100000, guid: 6199bc158bb0e4c4685c8d1b883e804f, type: 2}
--- !u!114 &7112844816441409093
MonoBehaviour:
  m_ObjectHideFlags: 0
  m_CorrespondingSourceObject: {fileID: 0}
  m_PrefabInstance: {fileID: 0}
  m_PrefabAsset: {fileID: 0}
  m_GameObject: {fileID: 7577442441939717015}
  m_Enabled: 1
  m_EditorHideFlags: 0
  m_Script: {fileID: 11500000, guid: caf309545b476f649949bf93bf4830d1, type: 3}
  m_Name: 
  m_EditorClassIdentifier: 
  defaultMaterials:
  - {fileID: 2100000, guid: caaf928081244ea78e869b5904d8ddff, type: 2}
--- !u!114 &7112844817140799367
MonoBehaviour:
  m_ObjectHideFlags: 0
  m_CorrespondingSourceObject: {fileID: 0}
  m_PrefabInstance: {fileID: 0}
  m_PrefabAsset: {fileID: 0}
  m_GameObject: {fileID: 3451471261939685596}
  m_Enabled: 1
  m_EditorHideFlags: 0
  m_Script: {fileID: 11500000, guid: caf309545b476f649949bf93bf4830d1, type: 3}
  m_Name: 
  m_EditorClassIdentifier: 
  defaultMaterials:
  - {fileID: 2100000, guid: 6199bc158bb0e4c4685c8d1b883e804f, type: 2}
--- !u!114 &7112844815769410861
MonoBehaviour:
  m_ObjectHideFlags: 0
  m_CorrespondingSourceObject: {fileID: 0}
  m_PrefabInstance: {fileID: 0}
  m_PrefabAsset: {fileID: 0}
  m_GameObject: {fileID: 782635365495446582}
  m_Enabled: 1
  m_EditorHideFlags: 0
  m_Script: {fileID: 11500000, guid: caf309545b476f649949bf93bf4830d1, type: 3}
  m_Name: 
  m_EditorClassIdentifier: 
  defaultMaterials:
  - {fileID: 2100000, guid: 6199bc158bb0e4c4685c8d1b883e804f, type: 2}
--- !u!114 &7112844816440331275
MonoBehaviour:
  m_ObjectHideFlags: 0
  m_CorrespondingSourceObject: {fileID: 0}
  m_PrefabInstance: {fileID: 0}
  m_PrefabAsset: {fileID: 0}
  m_GameObject: {fileID: 4143254136062165159}
  m_Enabled: 1
  m_EditorHideFlags: 0
  m_Script: {fileID: 11500000, guid: caf309545b476f649949bf93bf4830d1, type: 3}
  m_Name: 
  m_EditorClassIdentifier: 
  defaultMaterials:
  - {fileID: 2100000, guid: 6199bc158bb0e4c4685c8d1b883e804f, type: 2}
--- !u!114 &7112844817112871915
MonoBehaviour:
  m_ObjectHideFlags: 0
  m_CorrespondingSourceObject: {fileID: 0}
  m_PrefabInstance: {fileID: 0}
  m_PrefabAsset: {fileID: 0}
  m_GameObject: {fileID: 8739128981563776221}
  m_Enabled: 1
  m_EditorHideFlags: 0
  m_Script: {fileID: 11500000, guid: caf309545b476f649949bf93bf4830d1, type: 3}
  m_Name: 
  m_EditorClassIdentifier: 
  defaultMaterials:
  - {fileID: 2100000, guid: 6199bc158bb0e4c4685c8d1b883e804f, type: 2}
--- !u!114 &7112844815085309777
MonoBehaviour:
  m_ObjectHideFlags: 0
  m_CorrespondingSourceObject: {fileID: 0}
  m_PrefabInstance: {fileID: 0}
  m_PrefabAsset: {fileID: 0}
  m_GameObject: {fileID: 4763753124093053638}
  m_Enabled: 1
  m_EditorHideFlags: 0
  m_Script: {fileID: 11500000, guid: caf309545b476f649949bf93bf4830d1, type: 3}
  m_Name: 
  m_EditorClassIdentifier: 
  defaultMaterials:
  - {fileID: 2100000, guid: 6199bc158bb0e4c4685c8d1b883e804f, type: 2}
--- !u!114 &7112844816744091314
MonoBehaviour:
  m_ObjectHideFlags: 0
  m_CorrespondingSourceObject: {fileID: 0}
  m_PrefabInstance: {fileID: 0}
  m_PrefabAsset: {fileID: 0}
  m_GameObject: {fileID: 5389057903442058243}
  m_Enabled: 1
  m_EditorHideFlags: 0
  m_Script: {fileID: 11500000, guid: caf309545b476f649949bf93bf4830d1, type: 3}
  m_Name: 
  m_EditorClassIdentifier: 
  defaultMaterials:
  - {fileID: 2100000, guid: 6199bc158bb0e4c4685c8d1b883e804f, type: 2}
--- !u!1001 &2442269564554711709
PrefabInstance:
  m_ObjectHideFlags: 0
  serializedVersion: 2
  m_Modification:
    m_TransformParent: {fileID: 0}
    m_Modifications:
    - target: {fileID: 63068018, guid: d6a3c43630336b6459f5e7add25655df, type: 3}
      propertyPath: constraintsManager
      value: 
      objectReference: {fileID: 2442269564584216046}
    - target: {fileID: 165585587, guid: d6a3c43630336b6459f5e7add25655df, type: 3}
      propertyPath: constraintsManager
      value: 
      objectReference: {fileID: 2442269564685692969}
    - target: {fileID: 187238238, guid: d6a3c43630336b6459f5e7add25655df, type: 3}
      propertyPath: constraintsManager
      value: 
      objectReference: {fileID: 2442269564707345858}
    - target: {fileID: 225398838, guid: d6a3c43630336b6459f5e7add25655df, type: 3}
      propertyPath: constraintsManager
      value: 
      objectReference: {fileID: 2442269564745499306}
    - target: {fileID: 259715467, guid: d6a3c43630336b6459f5e7add25655df, type: 3}
      propertyPath: constraintsManager
      value: 
      objectReference: {fileID: 2442269564779815697}
    - target: {fileID: 302988622, guid: d6a3c43630336b6459f5e7add25655df, type: 3}
      propertyPath: constraintsManager
      value: 
      objectReference: {fileID: 2442269564319772626}
    - target: {fileID: 316080951, guid: d6a3c43630336b6459f5e7add25655df, type: 3}
      propertyPath: constraintsManager
      value: 
      objectReference: {fileID: 2442269564333920677}
    - target: {fileID: 360976232, guid: d6a3c43630336b6459f5e7add25655df, type: 3}
      propertyPath: constraintsManager
      value: 
      objectReference: {fileID: 2442269564345261556}
    - target: {fileID: 463930442, guid: d6a3c43630336b6459f5e7add25655df, type: 3}
      propertyPath: constraintsManager
      value: 
      objectReference: {fileID: 2442269564448216790}
    - target: {fileID: 633987598, guid: d6a3c43630336b6459f5e7add25655df, type: 3}
      propertyPath: constraintsManager
      value: 
      objectReference: {fileID: 2442269564080353426}
    - target: {fileID: 684494586, guid: d6a3c43630336b6459f5e7add25655df, type: 3}
      propertyPath: constraintsManager
      value: 
      objectReference: {fileID: 2442269564164414566}
    - target: {fileID: 854905466, guid: d6a3c43630336b6459f5e7add25655df, type: 3}
      propertyPath: constraintsManager
      value: 
      objectReference: {fileID: 2442269563798995174}
    - target: {fileID: 892549687, guid: d6a3c43630336b6459f5e7add25655df, type: 3}
      propertyPath: constraintsManager
      value: 
      objectReference: {fileID: 2442269563803084965}
    - target: {fileID: 1035347322, guid: d6a3c43630336b6459f5e7add25655df, type: 3}
      propertyPath: constraintsManager
      value: 
      objectReference: {fileID: 2442269563945891814}
    - target: {fileID: 1114040584, guid: d6a3c43630336b6459f5e7add25655df, type: 3}
      propertyPath: constraintsManager
      value: 
      objectReference: {fileID: 2442269565668752276}
    - target: {fileID: 1120100367, guid: d6a3c43630336b6459f5e7add25655df, type: 3}
      propertyPath: constraintsManager
      value: 
      objectReference: {fileID: 2442269565674812045}
    - target: {fileID: 1152204775, guid: d6a3c43630336b6459f5e7add25655df, type: 3}
      propertyPath: constraintsManager
      value: 
      objectReference: {fileID: 2442269565705858421}
    - target: {fileID: 1207409704, guid: d6a3c43630336b6459f5e7add25655df, type: 3}
      propertyPath: constraintsManager
      value: 
      objectReference: {fileID: 2442269565728558772}
    - target: {fileID: 1370639144, guid: d6a3c43630336b6459f5e7add25655df, type: 3}
      propertyPath: constraintsManager
      value: 
      objectReference: {fileID: 2442269565354924468}
    - target: {fileID: 1562069062, guid: d6a3c43630336b6459f5e7add25655df, type: 3}
      propertyPath: constraintsManager
      value: 
      objectReference: {fileID: 2442269565545306842}
    - target: {fileID: 1577749887, guid: d6a3c43630336b6459f5e7add25655df, type: 3}
      propertyPath: constraintsManager
      value: 
      objectReference: {fileID: 2442269564595630302}
    - target: {fileID: 1710119737, guid: d6a3c43630336b6459f5e7add25655df, type: 3}
      propertyPath: constraintsManager
      value: 
      objectReference: {fileID: 2442269565156477351}
    - target: {fileID: 1793089060, guid: d6a3c43630336b6459f5e7add25655df, type: 3}
      propertyPath: constraintsManager
      value: 
      objectReference: {fileID: 2442269565274049720}
    - target: {fileID: 1833444744, guid: d6a3c43630336b6459f5e7add25655df, type: 3}
      propertyPath: constraintsManager
      value: 
      objectReference: {fileID: 2442269565279811348}
    - target: {fileID: 1852027431, guid: d6a3c43630336b6459f5e7add25655df, type: 3}
      propertyPath: constraintsManager
      value: 
      objectReference: {fileID: 2442269565332988085}
    - target: {fileID: 1926444575, guid: d6a3c43630336b6459f5e7add25655df, type: 3}
      propertyPath: constraintsManager
      value: 
      objectReference: {fileID: 2442269564870534333}
    - target: {fileID: 1980159963, guid: d6a3c43630336b6459f5e7add25655df, type: 3}
      propertyPath: constraintsManager
      value: 
      objectReference: {fileID: 2442269564924249409}
    - target: {fileID: 1985308840, guid: d6a3c43630336b6459f5e7add25655df, type: 3}
      propertyPath: constraintsManager
      value: 
      objectReference: {fileID: 2442269564929407540}
    - target: {fileID: 291175383110246847, guid: d6a3c43630336b6459f5e7add25655df,
        type: 3}
      propertyPath: m_Materials.Array.data[0]
      value: 
      objectReference: {fileID: 0}
    - target: {fileID: 633578696416753982, guid: d6a3c43630336b6459f5e7add25655df,
        type: 3}
      propertyPath: m_Materials.Array.data[0]
      value: 
      objectReference: {fileID: 0}
    - target: {fileID: 741301229149939855, guid: d6a3c43630336b6459f5e7add25655df,
        type: 3}
      propertyPath: m_Materials.Array.data[0]
      value: 
      objectReference: {fileID: 0}
    - target: {fileID: 2105073593717722337, guid: d6a3c43630336b6459f5e7add25655df,
        type: 3}
      propertyPath: m_Materials.Array.data[0]
      value: 
      objectReference: {fileID: 0}
    - target: {fileID: 2352401576510786385, guid: d6a3c43630336b6459f5e7add25655df,
        type: 3}
      propertyPath: m_Materials.Array.data[0]
      value: 
      objectReference: {fileID: 0}
    - target: {fileID: 2400298837055675688, guid: d6a3c43630336b6459f5e7add25655df,
        type: 3}
      propertyPath: m_Materials.Array.data[0]
      value: 
      objectReference: {fileID: 0}
    - target: {fileID: 2590133489622823984, guid: d6a3c43630336b6459f5e7add25655df,
        type: 3}
      propertyPath: m_Materials.Array.data[0]
      value: 
      objectReference: {fileID: 0}
    - target: {fileID: 2731453608522417328, guid: d6a3c43630336b6459f5e7add25655df,
        type: 3}
      propertyPath: m_Materials.Array.data[0]
      value: 
      objectReference: {fileID: 0}
    - target: {fileID: 2854309893339168087, guid: d6a3c43630336b6459f5e7add25655df,
        type: 3}
      propertyPath: m_Name
      value: RatBrain Colored Variant
      objectReference: {fileID: 0}
    - target: {fileID: 2854309893339168087, guid: d6a3c43630336b6459f5e7add25655df,
        type: 3}
      propertyPath: m_IsActive
      value: 1
      objectReference: {fileID: 0}
    - target: {fileID: 3060656376832010908, guid: d6a3c43630336b6459f5e7add25655df,
        type: 3}
      propertyPath: m_Materials.Array.data[0]
      value: 
      objectReference: {fileID: 0}
    - target: {fileID: 3231151404453029869, guid: d6a3c43630336b6459f5e7add25655df,
        type: 3}
      propertyPath: m_LocalPosition.x
      value: 0.21553993
      objectReference: {fileID: 0}
    - target: {fileID: 3231151404453029869, guid: d6a3c43630336b6459f5e7add25655df,
        type: 3}
      propertyPath: m_LocalPosition.y
      value: -0.107150674
      objectReference: {fileID: 0}
    - target: {fileID: 3231151404453029869, guid: d6a3c43630336b6459f5e7add25655df,
        type: 3}
      propertyPath: m_LocalPosition.z
      value: 0.5630434
      objectReference: {fileID: 0}
    - target: {fileID: 3231151404453029869, guid: d6a3c43630336b6459f5e7add25655df,
        type: 3}
      propertyPath: m_LocalRotation.x
      value: 0.7071068
      objectReference: {fileID: 0}
    - target: {fileID: 3231151404453029869, guid: d6a3c43630336b6459f5e7add25655df,
        type: 3}
      propertyPath: m_LocalRotation.y
      value: -0
      objectReference: {fileID: 0}
    - target: {fileID: 3231151404453029869, guid: d6a3c43630336b6459f5e7add25655df,
        type: 3}
      propertyPath: m_LocalRotation.z
      value: -0
      objectReference: {fileID: 0}
    - target: {fileID: 3231151404453029869, guid: d6a3c43630336b6459f5e7add25655df,
        type: 3}
      propertyPath: m_LocalRotation.w
      value: 0.7071068
      objectReference: {fileID: 0}
    - target: {fileID: 3231151404453029869, guid: d6a3c43630336b6459f5e7add25655df,
        type: 3}
      propertyPath: m_RootOrder
      value: 0
      objectReference: {fileID: 0}
    - target: {fileID: 3231151404453029869, guid: d6a3c43630336b6459f5e7add25655df,
        type: 3}
      propertyPath: m_LocalEulerAnglesHint.x
      value: 90
      objectReference: {fileID: 0}
    - target: {fileID: 3231151404453029869, guid: d6a3c43630336b6459f5e7add25655df,
        type: 3}
      propertyPath: m_LocalEulerAnglesHint.y
      value: 0
      objectReference: {fileID: 0}
    - target: {fileID: 3231151404453029869, guid: d6a3c43630336b6459f5e7add25655df,
        type: 3}
      propertyPath: m_LocalEulerAnglesHint.z
      value: 0
      objectReference: {fileID: 0}
    - target: {fileID: 3231151404453029869, guid: d6a3c43630336b6459f5e7add25655df,
        type: 3}
      propertyPath: m_LocalScale.y
      value: 0.30000007
      objectReference: {fileID: 0}
    - target: {fileID: 3231151404453029869, guid: d6a3c43630336b6459f5e7add25655df,
        type: 3}
      propertyPath: m_LocalScale.z
      value: 0.30000007
      objectReference: {fileID: 0}
    - target: {fileID: 3381967997366023315, guid: d6a3c43630336b6459f5e7add25655df,
        type: 3}
      propertyPath: m_Materials.Array.data[0]
      value: 
      objectReference: {fileID: 0}
    - target: {fileID: 3458418557962111961, guid: d6a3c43630336b6459f5e7add25655df,
        type: 3}
      propertyPath: m_Materials.Array.data[0]
      value: 
      objectReference: {fileID: 0}
    - target: {fileID: 3482146483990823274, guid: d6a3c43630336b6459f5e7add25655df,
        type: 3}
      propertyPath: m_Materials.Array.data[0]
      value: 
      objectReference: {fileID: 0}
    - target: {fileID: 4286427960604510185, guid: d6a3c43630336b6459f5e7add25655df,
        type: 3}
      propertyPath: m_Materials.Array.data[0]
      value: 
      objectReference: {fileID: 0}
    - target: {fileID: 4480440863328040387, guid: d6a3c43630336b6459f5e7add25655df,
        type: 3}
      propertyPath: m_Materials.Array.data[0]
      value: 
      objectReference: {fileID: 0}
    - target: {fileID: 4963987690835027116, guid: d6a3c43630336b6459f5e7add25655df,
        type: 3}
      propertyPath: m_Materials.Array.data[0]
      value: 
      objectReference: {fileID: 0}
    - target: {fileID: 5104863849516156526, guid: d6a3c43630336b6459f5e7add25655df,
        type: 3}
      propertyPath: m_Materials.Array.data[0]
      value: 
      objectReference: {fileID: 0}
    - target: {fileID: 5615074131221799809, guid: d6a3c43630336b6459f5e7add25655df,
        type: 3}
      propertyPath: m_Materials.Array.data[0]
      value: 
      objectReference: {fileID: 0}
    - target: {fileID: 5627217766091125591, guid: d6a3c43630336b6459f5e7add25655df,
        type: 3}
      propertyPath: m_Materials.Array.data[0]
      value: 
      objectReference: {fileID: 0}
    - target: {fileID: 5821194253510287149, guid: d6a3c43630336b6459f5e7add25655df,
        type: 3}
      propertyPath: m_Materials.Array.data[0]
      value: 
      objectReference: {fileID: 0}
    - target: {fileID: 5983986321547465143, guid: d6a3c43630336b6459f5e7add25655df,
        type: 3}
      propertyPath: m_Materials.Array.data[0]
      value: 
      objectReference: {fileID: 0}
    - target: {fileID: 6098859400778744474, guid: d6a3c43630336b6459f5e7add25655df,
        type: 3}
      propertyPath: m_Materials.Array.data[0]
      value: 
      objectReference: {fileID: 0}
    - target: {fileID: 6098859400778744474, guid: d6a3c43630336b6459f5e7add25655df,
        type: 3}
      propertyPath: m_LightProbeUsage
      value: 1
      objectReference: {fileID: 0}
    - target: {fileID: 6720067326833968079, guid: d6a3c43630336b6459f5e7add25655df,
        type: 3}
      propertyPath: m_Materials.Array.data[0]
      value: 
      objectReference: {fileID: 0}
    - target: {fileID: 7380333422937133525, guid: d6a3c43630336b6459f5e7add25655df,
        type: 3}
      propertyPath: m_Materials.Array.data[0]
      value: 
      objectReference: {fileID: 0}
    - target: {fileID: 7851664009452410945, guid: d6a3c43630336b6459f5e7add25655df,
        type: 3}
      propertyPath: m_Materials.Array.data[0]
      value: 
      objectReference: {fileID: 0}
    - target: {fileID: 8494237033358959040, guid: d6a3c43630336b6459f5e7add25655df,
        type: 3}
      propertyPath: m_Materials.Array.data[0]
      value: 
      objectReference: {fileID: 0}
    - target: {fileID: 8775077247170086778, guid: d6a3c43630336b6459f5e7add25655df,
        type: 3}
      propertyPath: m_Materials.Array.data[0]
      value: 
      objectReference: {fileID: 0}
    - target: {fileID: 8815871156421911280, guid: d6a3c43630336b6459f5e7add25655df,
        type: 3}
      propertyPath: m_Materials.Array.data[0]
      value: 
      objectReference: {fileID: 0}
    - target: {fileID: 8844262241928628873, guid: d6a3c43630336b6459f5e7add25655df,
        type: 3}
      propertyPath: m_Materials.Array.data[0]
      value: 
      objectReference: {fileID: 0}
    - target: {fileID: 8941208506945530771, guid: d6a3c43630336b6459f5e7add25655df,
        type: 3}
      propertyPath: m_Materials.Array.data[0]
      value: 
      objectReference: {fileID: 0}
    m_RemovedComponents: []
  m_SourcePrefab: {fileID: 100100000, guid: d6a3c43630336b6459f5e7add25655df, type: 3}
--- !u!114 &2442269563803084965 stripped
MonoBehaviour:
  m_CorrespondingSourceObject: {fileID: 892549688, guid: d6a3c43630336b6459f5e7add25655df,
    type: 3}
  m_PrefabInstance: {fileID: 2442269564554711709}
  m_PrefabAsset: {fileID: 0}
  m_GameObject: {fileID: 5009910626211890547}
  m_Enabled: 1
  m_EditorHideFlags: 0
  m_Script: {fileID: 11500000, guid: a98de877dee5fc341b4eb59dfdab266c, type: 3}
  m_Name: 
  m_EditorClassIdentifier: 
--- !u!1 &4388614003286320269 stripped
GameObject:
  m_CorrespondingSourceObject: {fileID: 2090745642135041552, guid: d6a3c43630336b6459f5e7add25655df,
    type: 3}
  m_PrefabInstance: {fileID: 2442269564554711709}
  m_PrefabAsset: {fileID: 0}
--- !u!114 &2442269563945891814 stripped
MonoBehaviour:
  m_CorrespondingSourceObject: {fileID: 1035347323, guid: d6a3c43630336b6459f5e7add25655df,
    type: 3}
  m_PrefabInstance: {fileID: 2442269564554711709}
  m_PrefabAsset: {fileID: 0}
  m_GameObject: {fileID: 4388614003286320269}
  m_Enabled: 1
  m_EditorHideFlags: 0
  m_Script: {fileID: 11500000, guid: a98de877dee5fc341b4eb59dfdab266c, type: 3}
  m_Name: 
  m_EditorClassIdentifier: 
--- !u!1 &6661054824876458948 stripped
GameObject:
  m_CorrespondingSourceObject: {fileID: 9048995166259630425, guid: d6a3c43630336b6459f5e7add25655df,
    type: 3}
  m_PrefabInstance: {fileID: 2442269564554711709}
  m_PrefabAsset: {fileID: 0}
--- !u!114 &2442269565332988085 stripped
MonoBehaviour:
  m_CorrespondingSourceObject: {fileID: 1852027432, guid: d6a3c43630336b6459f5e7add25655df,
    type: 3}
  m_PrefabInstance: {fileID: 2442269564554711709}
  m_PrefabAsset: {fileID: 0}
  m_GameObject: {fileID: 6661054824876458948}
  m_Enabled: 1
  m_EditorHideFlags: 0
  m_Script: {fileID: 11500000, guid: a98de877dee5fc341b4eb59dfdab266c, type: 3}
  m_Name: 
  m_EditorClassIdentifier: 
--- !u!1 &5326885531468933514 stripped
GameObject:
  m_CorrespondingSourceObject: {fileID: 7496321914023426839, guid: d6a3c43630336b6459f5e7add25655df,
    type: 3}
  m_PrefabInstance: {fileID: 2442269564554711709}
  m_PrefabAsset: {fileID: 0}
--- !u!114 &2442269564745499306 stripped
MonoBehaviour:
  m_CorrespondingSourceObject: {fileID: 225398839, guid: d6a3c43630336b6459f5e7add25655df,
    type: 3}
  m_PrefabInstance: {fileID: 2442269564554711709}
  m_PrefabAsset: {fileID: 0}
  m_GameObject: {fileID: 5326885531468933514}
  m_Enabled: 1
  m_EditorHideFlags: 0
  m_Script: {fileID: 11500000, guid: a98de877dee5fc341b4eb59dfdab266c, type: 3}
  m_Name: 
  m_EditorClassIdentifier: 
--- !u!114 &2442269564333920677 stripped
MonoBehaviour:
  m_CorrespondingSourceObject: {fileID: 316080952, guid: d6a3c43630336b6459f5e7add25655df,
    type: 3}
  m_PrefabInstance: {fileID: 2442269564554711709}
  m_PrefabAsset: {fileID: 0}
  m_GameObject: {fileID: 6864888217579587581}
  m_Enabled: 1
  m_EditorHideFlags: 0
  m_Script: {fileID: 11500000, guid: a98de877dee5fc341b4eb59dfdab266c, type: 3}
  m_Name: 
  m_EditorClassIdentifier: 
--- !u!1 &3269603129042490617 stripped
GameObject:
  m_CorrespondingSourceObject: {fileID: 917425371330987620, guid: d6a3c43630336b6459f5e7add25655df,
    type: 3}
  m_PrefabInstance: {fileID: 2442269564554711709}
  m_PrefabAsset: {fileID: 0}
--- !u!114 &2442269564584216046 stripped
MonoBehaviour:
  m_CorrespondingSourceObject: {fileID: 63068019, guid: d6a3c43630336b6459f5e7add25655df,
    type: 3}
  m_PrefabInstance: {fileID: 2442269564554711709}
  m_PrefabAsset: {fileID: 0}
  m_GameObject: {fileID: 3269603129042490617}
  m_Enabled: 1
  m_EditorHideFlags: 0
  m_Script: {fileID: 11500000, guid: a98de877dee5fc341b4eb59dfdab266c, type: 3}
  m_Name: 
  m_EditorClassIdentifier: 
--- !u!1 &4292608536151627237 stripped
GameObject:
  m_CorrespondingSourceObject: {fileID: 1906930857091303288, guid: d6a3c43630336b6459f5e7add25655df,
    type: 3}
  m_PrefabInstance: {fileID: 2442269564554711709}
  m_PrefabAsset: {fileID: 0}
--- !u!114 &2442269564345261556 stripped
MonoBehaviour:
  m_CorrespondingSourceObject: {fileID: 360976233, guid: d6a3c43630336b6459f5e7add25655df,
    type: 3}
  m_PrefabInstance: {fileID: 2442269564554711709}
  m_PrefabAsset: {fileID: 0}
  m_GameObject: {fileID: 4292608536151627237}
  m_Enabled: 1
  m_EditorHideFlags: 0
  m_Script: {fileID: 11500000, guid: a98de877dee5fc341b4eb59dfdab266c, type: 3}
  m_Name: 
  m_EditorClassIdentifier: 
--- !u!1 &3457405890765173912 stripped
GameObject:
  m_CorrespondingSourceObject: {fileID: 1017676542205928965, guid: d6a3c43630336b6459f5e7add25655df,
    type: 3}
  m_PrefabInstance: {fileID: 2442269564554711709}
  m_PrefabAsset: {fileID: 0}
--- !u!1 &6864888217579587581 stripped
GameObject:
  m_CorrespondingSourceObject: {fileID: 9124385534717760864, guid: d6a3c43630336b6459f5e7add25655df,
    type: 3}
  m_PrefabInstance: {fileID: 2442269564554711709}
  m_PrefabAsset: {fileID: 0}
--- !u!114 &2442269565705858421 stripped
MonoBehaviour:
  m_CorrespondingSourceObject: {fileID: 1152204776, guid: d6a3c43630336b6459f5e7add25655df,
    type: 3}
  m_PrefabInstance: {fileID: 2442269564554711709}
  m_PrefabAsset: {fileID: 0}
  m_GameObject: {fileID: 1740983129322200219}
  m_Enabled: 1
  m_EditorHideFlags: 0
  m_Script: {fileID: 11500000, guid: a98de877dee5fc341b4eb59dfdab266c, type: 3}
  m_Name: 
  m_EditorClassIdentifier: 
--- !u!1 &7818174906299335016 stripped
GameObject:
  m_CorrespondingSourceObject: {fileID: 5592084927623484405, guid: d6a3c43630336b6459f5e7add25655df,
    type: 3}
  m_PrefabInstance: {fileID: 2442269564554711709}
  m_PrefabAsset: {fileID: 0}
--- !u!114 &2442269565156477351 stripped
MonoBehaviour:
  m_CorrespondingSourceObject: {fileID: 1710119738, guid: d6a3c43630336b6459f5e7add25655df,
    type: 3}
  m_PrefabInstance: {fileID: 2442269564554711709}
  m_PrefabAsset: {fileID: 0}
  m_GameObject: {fileID: 7818174906299335016}
  m_Enabled: 1
  m_EditorHideFlags: 0
  m_Script: {fileID: 11500000, guid: a98de877dee5fc341b4eb59dfdab266c, type: 3}
  m_Name: 
  m_EditorClassIdentifier: 
--- !u!1 &7368064364789147724 stripped
GameObject:
  m_CorrespondingSourceObject: {fileID: 5162304649242393297, guid: d6a3c43630336b6459f5e7add25655df,
    type: 3}
  m_PrefabInstance: {fileID: 2442269564554711709}
  m_PrefabAsset: {fileID: 0}
--- !u!1 &5280891379169966510 stripped
GameObject:
  m_CorrespondingSourceObject: {fileID: 7542915299974130483, guid: d6a3c43630336b6459f5e7add25655df,
    type: 3}
  m_PrefabInstance: {fileID: 2442269564554711709}
  m_PrefabAsset: {fileID: 0}
--- !u!114 &2442269565728558772 stripped
MonoBehaviour:
  m_CorrespondingSourceObject: {fileID: 1207409705, guid: d6a3c43630336b6459f5e7add25655df,
    type: 3}
  m_PrefabInstance: {fileID: 2442269564554711709}
  m_PrefabAsset: {fileID: 0}
  m_GameObject: {fileID: 5280891379169966510}
  m_Enabled: 1
  m_EditorHideFlags: 0
  m_Script: {fileID: 11500000, guid: a98de877dee5fc341b4eb59dfdab266c, type: 3}
  m_Name: 
  m_EditorClassIdentifier: 
--- !u!114 &2442269565674812045 stripped
MonoBehaviour:
  m_CorrespondingSourceObject: {fileID: 1120100368, guid: d6a3c43630336b6459f5e7add25655df,
    type: 3}
  m_PrefabInstance: {fileID: 2442269564554711709}
  m_PrefabAsset: {fileID: 0}
  m_GameObject: {fileID: 7368064364789147724}
  m_Enabled: 1
  m_EditorHideFlags: 0
  m_Script: {fileID: 11500000, guid: a98de877dee5fc341b4eb59dfdab266c, type: 3}
  m_Name: 
  m_EditorClassIdentifier: 
--- !u!1 &3801753900449701310 stripped
GameObject:
  m_CorrespondingSourceObject: {fileID: 1523945368705470243, guid: d6a3c43630336b6459f5e7add25655df,
    type: 3}
  m_PrefabInstance: {fileID: 2442269564554711709}
  m_PrefabAsset: {fileID: 0}
--- !u!114 &2442269565354924468 stripped
MonoBehaviour:
  m_CorrespondingSourceObject: {fileID: 1370639145, guid: d6a3c43630336b6459f5e7add25655df,
    type: 3}
  m_PrefabInstance: {fileID: 2442269564554711709}
  m_PrefabAsset: {fileID: 0}
  m_GameObject: {fileID: 3801753900449701310}
  m_Enabled: 1
  m_EditorHideFlags: 0
  m_Script: {fileID: 11500000, guid: a98de877dee5fc341b4eb59dfdab266c, type: 3}
  m_Name: 
  m_EditorClassIdentifier: 
--- !u!114 &2442269564319772626 stripped
MonoBehaviour:
  m_CorrespondingSourceObject: {fileID: 302988623, guid: d6a3c43630336b6459f5e7add25655df,
    type: 3}
  m_PrefabInstance: {fileID: 2442269564554711709}
  m_PrefabAsset: {fileID: 0}
  m_GameObject: {fileID: 3457405890765173912}
  m_Enabled: 1
  m_EditorHideFlags: 0
  m_Script: {fileID: 11500000, guid: a98de877dee5fc341b4eb59dfdab266c, type: 3}
  m_Name: 
  m_EditorClassIdentifier: 
--- !u!1 &3154025946981813202 stripped
GameObject:
  m_CorrespondingSourceObject: {fileID: 730136030358755663, guid: d6a3c43630336b6459f5e7add25655df,
    type: 3}
  m_PrefabInstance: {fileID: 2442269564554711709}
  m_PrefabAsset: {fileID: 0}
--- !u!114 &2442269565545306842 stripped
MonoBehaviour:
  m_CorrespondingSourceObject: {fileID: 1562069063, guid: d6a3c43630336b6459f5e7add25655df,
    type: 3}
  m_PrefabInstance: {fileID: 2442269564554711709}
  m_PrefabAsset: {fileID: 0}
  m_GameObject: {fileID: 3154025946981813202}
  m_Enabled: 1
  m_EditorHideFlags: 0
  m_Script: {fileID: 11500000, guid: a98de877dee5fc341b4eb59dfdab266c, type: 3}
  m_Name: 
  m_EditorClassIdentifier: 
--- !u!1 &5599605925015695559 stripped
GameObject:
  m_CorrespondingSourceObject: {fileID: 7805130478217044570, guid: d6a3c43630336b6459f5e7add25655df,
    type: 3}
  m_PrefabInstance: {fileID: 2442269564554711709}
  m_PrefabAsset: {fileID: 0}
--- !u!1 &3247737716088143445 stripped
GameObject:
  m_CorrespondingSourceObject: {fileID: 934187978871958728, guid: d6a3c43630336b6459f5e7add25655df,
    type: 3}
  m_PrefabInstance: {fileID: 2442269564554711709}
  m_PrefabAsset: {fileID: 0}
--- !u!114 &2442269565274049720 stripped
MonoBehaviour:
  m_CorrespondingSourceObject: {fileID: 1793089061, guid: d6a3c43630336b6459f5e7add25655df,
    type: 3}
  m_PrefabInstance: {fileID: 2442269564554711709}
  m_PrefabAsset: {fileID: 0}
  m_GameObject: {fileID: 3247737716088143445}
  m_Enabled: 1
  m_EditorHideFlags: 0
  m_Script: {fileID: 11500000, guid: a98de877dee5fc341b4eb59dfdab266c, type: 3}
  m_Name: 
  m_EditorClassIdentifier: 
--- !u!114 &2442269565279811348 stripped
MonoBehaviour:
  m_CorrespondingSourceObject: {fileID: 1833444745, guid: d6a3c43630336b6459f5e7add25655df,
    type: 3}
  m_PrefabInstance: {fileID: 2442269564554711709}
  m_PrefabAsset: {fileID: 0}
  m_GameObject: {fileID: 5599605925015695559}
  m_Enabled: 1
  m_EditorHideFlags: 0
  m_Script: {fileID: 11500000, guid: a98de877dee5fc341b4eb59dfdab266c, type: 3}
  m_Name: 
  m_EditorClassIdentifier: 
--- !u!1 &1452940758034373207 stripped
GameObject:
  m_CorrespondingSourceObject: {fileID: 3876841515189487818, guid: d6a3c43630336b6459f5e7add25655df,
    type: 3}
  m_PrefabInstance: {fileID: 2442269564554711709}
  m_PrefabAsset: {fileID: 0}
--- !u!114 &2442269564448216790 stripped
MonoBehaviour:
  m_CorrespondingSourceObject: {fileID: 463930443, guid: d6a3c43630336b6459f5e7add25655df,
    type: 3}
  m_PrefabInstance: {fileID: 2442269564554711709}
  m_PrefabAsset: {fileID: 0}
  m_GameObject: {fileID: 1452940758034373207}
  m_Enabled: 1
  m_EditorHideFlags: 0
  m_Script: {fileID: 11500000, guid: a98de877dee5fc341b4eb59dfdab266c, type: 3}
  m_Name: 
  m_EditorClassIdentifier: 
--- !u!1 &1334682330822047302 stripped
GameObject:
  m_CorrespondingSourceObject: {fileID: 3702259853225059547, guid: d6a3c43630336b6459f5e7add25655df,
    type: 3}
  m_PrefabInstance: {fileID: 2442269564554711709}
  m_PrefabAsset: {fileID: 0}
--- !u!1 &662493524842906341 stripped
GameObject:
  m_CorrespondingSourceObject: {fileID: 2942268254498459768, guid: d6a3c43630336b6459f5e7add25655df,
    type: 3}
  m_PrefabInstance: {fileID: 2442269564554711709}
  m_PrefabAsset: {fileID: 0}
--- !u!114 &2442269563798995174 stripped
MonoBehaviour:
  m_CorrespondingSourceObject: {fileID: 854905467, guid: d6a3c43630336b6459f5e7add25655df,
    type: 3}
  m_PrefabInstance: {fileID: 2442269564554711709}
  m_PrefabAsset: {fileID: 0}
  m_GameObject: {fileID: 662493524842906341}
  m_Enabled: 1
  m_EditorHideFlags: 0
  m_Script: {fileID: 11500000, guid: a98de877dee5fc341b4eb59dfdab266c, type: 3}
  m_Name: 
  m_EditorClassIdentifier: 
--- !u!1 &1740983129322200219 stripped
GameObject:
  m_CorrespondingSourceObject: {fileID: 4165154366841064966, guid: d6a3c43630336b6459f5e7add25655df,
    type: 3}
  m_PrefabInstance: {fileID: 2442269564554711709}
  m_PrefabAsset: {fileID: 0}
--- !u!1 &7328886359378967208 stripped
GameObject:
  m_CorrespondingSourceObject: {fileID: 4922927432965892149, guid: d6a3c43630336b6459f5e7add25655df,
    type: 3}
  m_PrefabInstance: {fileID: 2442269564554711709}
  m_PrefabAsset: {fileID: 0}
--- !u!114 &2442269564929407540 stripped
MonoBehaviour:
  m_CorrespondingSourceObject: {fileID: 1985308841, guid: d6a3c43630336b6459f5e7add25655df,
    type: 3}
  m_PrefabInstance: {fileID: 2442269564554711709}
  m_PrefabAsset: {fileID: 0}
  m_GameObject: {fileID: 7577442441939717015}
  m_Enabled: 1
  m_EditorHideFlags: 0
  m_Script: {fileID: 11500000, guid: a98de877dee5fc341b4eb59dfdab266c, type: 3}
  m_Name: 
  m_EditorClassIdentifier: 
--- !u!114 &2442269564924249409 stripped
MonoBehaviour:
  m_CorrespondingSourceObject: {fileID: 1980159964, guid: d6a3c43630336b6459f5e7add25655df,
    type: 3}
  m_PrefabInstance: {fileID: 2442269564554711709}
  m_PrefabAsset: {fileID: 0}
  m_GameObject: {fileID: 7328886359378967208}
  m_Enabled: 1
  m_EditorHideFlags: 0
  m_Script: {fileID: 11500000, guid: a98de877dee5fc341b4eb59dfdab266c, type: 3}
  m_Name: 
  m_EditorClassIdentifier: 
--- !u!1 &3451471261939685596 stripped
GameObject:
  m_CorrespondingSourceObject: {fileID: 1009573680242117185, guid: d6a3c43630336b6459f5e7add25655df,
    type: 3}
  m_PrefabInstance: {fileID: 2442269564554711709}
  m_PrefabAsset: {fileID: 0}
--- !u!114 &2442269564080353426 stripped
MonoBehaviour:
  m_CorrespondingSourceObject: {fileID: 633987599, guid: d6a3c43630336b6459f5e7add25655df,
    type: 3}
  m_PrefabInstance: {fileID: 2442269564554711709}
  m_PrefabAsset: {fileID: 0}
  m_GameObject: {fileID: 3451471261939685596}
  m_Enabled: 1
  m_EditorHideFlags: 0
  m_Script: {fileID: 11500000, guid: a98de877dee5fc341b4eb59dfdab266c, type: 3}
  m_Name: 
  m_EditorClassIdentifier: 
--- !u!1 &5575377450127667096 stripped
GameObject:
  m_CorrespondingSourceObject: {fileID: 7834881793296514309, guid: d6a3c43630336b6459f5e7add25655df,
    type: 3}
  m_PrefabInstance: {fileID: 2442269564554711709}
  m_PrefabAsset: {fileID: 0}
--- !u!1 &782635365495446582 stripped
GameObject:
  m_CorrespondingSourceObject: {fileID: 3114473945303846571, guid: d6a3c43630336b6459f5e7add25655df,
    type: 3}
  m_PrefabInstance: {fileID: 2442269564554711709}
  m_PrefabAsset: {fileID: 0}
--- !u!114 &2442269564779815697 stripped
MonoBehaviour:
  m_CorrespondingSourceObject: {fileID: 259715468, guid: d6a3c43630336b6459f5e7add25655df,
    type: 3}
  m_PrefabInstance: {fileID: 2442269564554711709}
  m_PrefabAsset: {fileID: 0}
  m_GameObject: {fileID: 782635365495446582}
  m_Enabled: 1
  m_EditorHideFlags: 0
  m_Script: {fileID: 11500000, guid: a98de877dee5fc341b4eb59dfdab266c, type: 3}
  m_Name: 
  m_EditorClassIdentifier: 
--- !u!114 &2442269564870534333 stripped
MonoBehaviour:
  m_CorrespondingSourceObject: {fileID: 1926444576, guid: d6a3c43630336b6459f5e7add25655df,
    type: 3}
  m_PrefabInstance: {fileID: 2442269564554711709}
  m_PrefabAsset: {fileID: 0}
  m_GameObject: {fileID: 5575377450127667096}
  m_Enabled: 1
  m_EditorHideFlags: 0
  m_Script: {fileID: 11500000, guid: a98de877dee5fc341b4eb59dfdab266c, type: 3}
  m_Name: 
  m_EditorClassIdentifier: 
--- !u!1 &4143254136062165159 stripped
GameObject:
  m_CorrespondingSourceObject: {fileID: 1773121473224856122, guid: d6a3c43630336b6459f5e7add25655df,
    type: 3}
  m_PrefabInstance: {fileID: 2442269564554711709}
  m_PrefabAsset: {fileID: 0}
--- !u!1 &7577442441939717015 stripped
GameObject:
  m_CorrespondingSourceObject: {fileID: 5245801843447109898, guid: d6a3c43630336b6459f5e7add25655df,
    type: 3}
  m_PrefabInstance: {fileID: 2442269564554711709}
  m_PrefabAsset: {fileID: 0}
--- !u!1 &6285265939121780861 stripped
GameObject:
  m_CorrespondingSourceObject: {fileID: 8565124286421871328, guid: d6a3c43630336b6459f5e7add25655df,
    type: 3}
  m_PrefabInstance: {fileID: 2442269564554711709}
  m_PrefabAsset: {fileID: 0}
--- !u!1 &8739128981563776221 stripped
GameObject:
  m_CorrespondingSourceObject: {fileID: 6387002278161026624, guid: d6a3c43630336b6459f5e7add25655df,
    type: 3}
  m_PrefabInstance: {fileID: 2442269564554711709}
  m_PrefabAsset: {fileID: 0}
--- !u!114 &2442269564707345858 stripped
MonoBehaviour:
  m_CorrespondingSourceObject: {fileID: 187238239, guid: d6a3c43630336b6459f5e7add25655df,
    type: 3}
  m_PrefabInstance: {fileID: 2442269564554711709}
  m_PrefabAsset: {fileID: 0}
  m_GameObject: {fileID: 6285265939121780861}
  m_Enabled: 1
  m_EditorHideFlags: 0
  m_Script: {fileID: 11500000, guid: a98de877dee5fc341b4eb59dfdab266c, type: 3}
  m_Name: 
  m_EditorClassIdentifier: 
--- !u!1 &4763753124093053638 stripped
GameObject:
  m_CorrespondingSourceObject: {fileID: 7203770390046398555, guid: d6a3c43630336b6459f5e7add25655df,
    type: 3}
  m_PrefabInstance: {fileID: 2442269564554711709}
  m_PrefabAsset: {fileID: 0}
--- !u!114 &2442269565668752276 stripped
MonoBehaviour:
  m_CorrespondingSourceObject: {fileID: 1114040585, guid: d6a3c43630336b6459f5e7add25655df,
    type: 3}
  m_PrefabInstance: {fileID: 2442269564554711709}
  m_PrefabAsset: {fileID: 0}
  m_GameObject: {fileID: 4763753124093053638}
  m_Enabled: 1
  m_EditorHideFlags: 0
  m_Script: {fileID: 11500000, guid: a98de877dee5fc341b4eb59dfdab266c, type: 3}
  m_Name: 
  m_EditorClassIdentifier: 
--- !u!114 &2442269564164414566 stripped
MonoBehaviour:
  m_CorrespondingSourceObject: {fileID: 684494587, guid: d6a3c43630336b6459f5e7add25655df,
    type: 3}
  m_PrefabInstance: {fileID: 2442269564554711709}
  m_PrefabAsset: {fileID: 0}
  m_GameObject: {fileID: 1334682330822047302}
  m_Enabled: 1
  m_EditorHideFlags: 0
  m_Script: {fileID: 11500000, guid: a98de877dee5fc341b4eb59dfdab266c, type: 3}
  m_Name: 
  m_EditorClassIdentifier: 
--- !u!1 &5389057903442058243 stripped
GameObject:
  m_CorrespondingSourceObject: {fileID: 7722944002104020638, guid: d6a3c43630336b6459f5e7add25655df,
    type: 3}
  m_PrefabInstance: {fileID: 2442269564554711709}
  m_PrefabAsset: {fileID: 0}
--- !u!114 &2442269564595630302 stripped
MonoBehaviour:
  m_CorrespondingSourceObject: {fileID: 40919619, guid: d6a3c43630336b6459f5e7add25655df,
    type: 3}
  m_PrefabInstance: {fileID: 2442269564554711709}
  m_PrefabAsset: {fileID: 0}
  m_GameObject: {fileID: 5389057903442058243}
  m_Enabled: 1
  m_EditorHideFlags: 0
  m_Script: {fileID: 11500000, guid: a98de877dee5fc341b4eb59dfdab266c, type: 3}
  m_Name: 
  m_EditorClassIdentifier: 
--- !u!1 &5009910626211890547 stripped
GameObject:
  m_CorrespondingSourceObject: {fileID: 7233458373983246318, guid: d6a3c43630336b6459f5e7add25655df,
    type: 3}
  m_PrefabInstance: {fileID: 2442269564554711709}
  m_PrefabAsset: {fileID: 0}
--- !u!114 &2442269564685692969 stripped
MonoBehaviour:
  m_CorrespondingSourceObject: {fileID: 165585588, guid: d6a3c43630336b6459f5e7add25655df,
    type: 3}
  m_PrefabInstance: {fileID: 2442269564554711709}
  m_PrefabAsset: {fileID: 0}
  m_GameObject: {fileID: 4143254136062165159}
  m_Enabled: 1
  m_EditorHideFlags: 0
  m_Script: {fileID: 11500000, guid: a98de877dee5fc341b4eb59dfdab266c, type: 3}
  m_Name: 
  m_EditorClassIdentifier: 
